<record><leader>00000cas a22000007a 4500</leader><controlfield tag="001">18247549</controlfield><controlfield tag="008">880721d188318uunyuwr ne      0    0eng d</controlfield><datafield ind1=" " ind2=" " tag="010"><subfield code="a">sn 88074612 </subfield></datafield><datafield ind1=" " ind2=" " tag="040"><subfield code="a">NYS</subfield><subfield code="b">eng</subfield><subfield code="c">NYS</subfield><subfield code="d">OCL</subfield><subfield code="d">OCLCQ</subfield></datafield><datafield ind1=" " ind2=" " tag="042"><subfield code="a">msc</subfield></datafield><datafield ind1="0" ind2="0" tag="245"><subfield code="a">Home gazette, and Canajoharie Republican.</subfield></datafield><datafield ind1=" " ind2=" " tag="260"><subfield code="a">Canajoharie, N.Y. :</subfield><subfield code="b">J. Miller &amp; Son</subfield></datafield><datafield ind1=" " ind2=" " tag="300"><subfield code="a">v.</subfield></datafield><datafield ind1=" " ind2=" " tag="310"><subfield code="a">Weekly</subfield></datafield><datafield ind1="1" ind2=" " tag="362"><subfield code="a">Began in 1883.</subfield></datafield><datafield ind1=" " ind2=" " tag="588"><subfield code="a">Description based on: Vol. 3, no. 35 (May 26, 1883).</subfield></datafield><datafield ind1=" " ind2="4" tag="651"><subfield code="a">Canajoharie (N.Y.)</subfield><subfield code="v">Newspapers.</subfield></datafield><datafield ind1=" " ind2=" " tag="752"><subfield code="a">United States</subfield><subfield code="b">New York</subfield><subfield code="c">Montgomery</subfield><subfield code="d">Canajoharie.</subfield></datafield><datafield ind1="0" ind2="0" tag="780"><subfield code="t">Canajoharie Republican</subfield><subfield code="w">(DLC)sn 88074610</subfield><subfield code="w">(OCoLC)18269780</subfield></datafield><datafield ind1="1" ind2=" " tag="029"><subfield code="a">AU@</subfield><subfield code="b">000020524628</subfield></datafield></record>